[
	{
		"value": "1000.15",
		"timestamp": "2019-10-22T12:29:29.601880Z",
		"tid": 679069,
		"taker_side": "sell",
		"size": "0.08300000",
		"price": "12050.00000000"
	},
	{
		"value": "1000.15",
		"timestamp": "2019-10-22T12:29:01.377339Z",
		"tid": 679068,
		"taker_side": "sell",
		"size": "0.08300000",
		"price": "12050.00000000"
	},
	{
		"value": "795.96",
		"timestamp": "2019-10-22T12:23:27.245246Z",
		"tid": 679066,
		"taker_side": "sell",
		"size": "0.06600000",
		"price": "12060.00000000"
	},
	{
		"value": "2896.80",
		"timestamp": "2019-10-22T12:16:42.625945Z",
		"tid": 679065,
		"taker_side": "sell",
		"size": "0.24000000",
		"price": "12070.00000000"
	},
	{
		"value": "205.87",
		"timestamp": "2019-10-22T12:15:23.102016Z",
		"tid": 679064,
		"taker_side": "buy",
		"size": "0.01700000",
		"price": "12110.00000000"
	},
	{
		"value": "665.50",
		"timestamp": "2019-10-22T12:14:35.388638Z",
		"tid": 679063,
		"taker_side": "buy",
		"size": "0.05500000",
		"price": "12100.00000000"
	},
	{
		"value": "60.35",
		"timestamp": "2019-10-22T12:11:31.614453Z",
		"tid": 679062,
		"taker_side": "sell",
		"size": "0.00500000",
		"price": "12070.00000000"
	},
	{
		"value": "496.10",
		"timestamp": "2019-10-22T12:10:31.149451Z",
		"tid": 679061,
		"taker_side": "buy",
		"size": "0.04100000",
		"price": "12100.00000000"
	},
	{
		"value": "60.35",
		"timestamp": "2019-10-22T12:10:30.146773Z",
		"tid": 679060,
		"taker_side": "sell",
		"size": "0.00500000",
		"price": "12070.00000000"
	},
	{
		"value": "2250.60",
		"timestamp": "2019-10-22T12:09:25.420330Z",
		"tid": 679059,
		"taker_side": "sell",
		"size": "0.18600000",
		"price": "12100.00000000"
	},
	{
		"value": "4501.20",
		"timestamp": "2019-10-22T12:09:25.419917Z",
		"tid": 679058,
		"taker_side": "sell",
		"size": "0.37200000",
		"price": "12100.00000000"
	},
	{
		"value": "145.08",
		"timestamp": "2019-10-22T12:08:50.917887Z",
		"tid": 679057,
		"taker_side": "buy",
		"size": "0.01200000",
		"price": "12090.00000000"
	},
	{
		"value": "36.27",
		"timestamp": "2019-10-22T12:08:43.640788Z",
		"tid": 679056,
		"taker_side": "buy",
		"size": "0.00300000",
		"price": "12090.00000000"
	},
	{
		"value": "181.50",
		"timestamp": "2019-10-22T12:06:59.423171Z",
		"tid": 679055,
		"taker_side": "buy",
		"size": "0.01500000",
		"price": "12100.00000000"
	},
	{
		"value": "447.33",
		"timestamp": "2019-10-22T12:03:14.372960Z",
		"tid": 679054,
		"taker_side": "buy",
		"size": "0.03700000",
		"price": "12090.00000000"
	},
	{
		"value": "776.32",
		"timestamp": "2019-10-22T12:02:04.888692Z",
		"tid": 679052,
		"taker_side": "buy",
		"size": "0.06400000",
		"price": "12130.00000000"
	},
	{
		"value": "12.12",
		"timestamp": "2019-10-22T12:02:04.888298Z",
		"tid": 679051,
		"taker_side": "buy",
		"size": "0.00100000",
		"price": "12120.00000000"
	},
	{
		"value": "12.11",
		"timestamp": "2019-10-22T12:02:04.887837Z",
		"tid": 679050,
		"taker_side": "buy",
		"size": "0.00100000",
		"price": "12110.00000000"
	},
	{
		"value": "12.08",
		"timestamp": "2019-10-22T11:59:41.826397Z",
		"tid": 679049,
		"taker_side": "sell",
		"size": "0.00100000",
		"price": "12080.00000000"
	},
	{
		"value": "96.80",
		"timestamp": "2019-10-22T11:51:19.141063Z",
		"tid": 679048,
		"taker_side": "buy",
		"size": "0.00800000",
		"price": "12100.00000000"
	}
]
